<?xml version="1.0" encoding="UTF-8"?><collection xmlns="http://www.loc.gov/MARC21/slim"><record><leader>00552nam--2200181-i-4500</leader><controlfield tag="001">000014033</controlfield><controlfield tag="002">20161230</controlfield><controlfield tag="005">20161230201030</controlfield><controlfield tag="008">060222s1000------------r-----000-0-fre-d</controlfield><datafield ind1=" " ind2=" " tag="040"><subfield code="a">IFIN-HH</subfield></datafield><datafield ind1=" " ind2=" " tag="041"><subfield code="a">fre</subfield></datafield><datafield ind1=" " ind2=" " tag="080"><subfield code="a">519.632.2(043)</subfield></datafield><datafield ind1="1" ind2=" " tag="100"><subfield code="a">Berzin, Robert</subfield></datafield><datafield ind1="1" ind2="0" tag="245"><subfield code="a">Probleme de couchy en coo pour un operateur matriciel d ordre &lt; t,t &gt;l,avec une caracteristique double</subfield><subfield code="b">These</subfield><subfield code="c">Robert berzin</subfield></datafield><datafield ind1=" " ind2=" " tag="260"><subfield code="a">Lille</subfield><subfield code="b">Universite Des Sciences Et Techniques</subfield><subfield code="c">1975</subfield></datafield><datafield ind1=" " ind2=" " tag="300"><subfield code="a">22P</subfield></datafield><datafield ind1=" " ind2=" " tag="852"><subfield code="a">49637</subfield><subfield code="c">519.4/5</subfield></datafield><datafield ind1=" " ind2=" " tag="CAT"><subfield code="a">Sys</subfield><subfield code="c">20130814</subfield><subfield code="h">164417</subfield></datafield></record></collection>